@article{kececioglu1995exact,
  title={Exact and approximation algorithms for sorting by reversals, with application to genome rearrangement},
  author={Kececioglu, John and Sankoff, David},
  journal={Algorithmica},
  volume={13},
  number={1-2},
  pages={180},
  year={1995},
  publisher={Springer}
}
@INPROCEEDINGS{bafna,
  author={V. {Bafna} and P. A. {Pevzner}},
  booktitle={Proceedings of 1993 IEEE 34th Annual Foundations of Computer Science}, 
  title={Genome rearrangements and sorting by reversals}, 
  year={1993},
  pages={148-157},}
  
  @book{Cormen,
  author    = {Thomas H. Cormen, Charles E. Leiserson}, 
  title     = {Algoritmos Teoria e Prática, 3rd edition},
  publisher = {Elsevier},
  year      = {2009},
  address   = {Rua Sete de Setembro, 111 – 16º andar
20050-006 – Centro – Rio de Janeiro – RJ},
  edition   = {3ª},
}

  @book{Lages,
  author    = {Lima, Elon Lages}, 
  title     = {Espaços métricos. Col: Coleção Projeto Euclides 3ª ed},
  publisher = {Projeto Euclides},
  year      = {1993},
  address   = {Rio de Janeiro},
  edition   = {3ª},
  month     = {Abril},

}

@book{brucealbert,
    author    = {Alberts. {Bruce} and Johnson. {Alexander} },
    title     = {Biologia Molecular da Célula},
    publisher = {Artmed - Grupo A},
    year      = {2017},
   address   = {Av. Jerônimo de Ornelas, 670 – Santana 90040-340 Porto Alegre RS},
  edition   = {6ª},
}

@MISC{mariaemilia,
  title={Algoritmo para Problemas em Rearranjos de Genomas},
  author={Walter, Maria Emília Machado Telles},
howpublished = {Available in: \textcolor{black}{\url{http://https://www.ic.unicamp.br/~meidanis/research/rear/teseme.pdf}}},
note = {Accessed January 2022},
year={1999}
}

@MISC{feloi,
  title={Rearranjos de Genomas por Reversões},
  author={Francisco Elói de Araújo},
howpublished = {Available in: \textcolor{black}{\url{https://www.teses.usp.br/teses/disponiveis/45/45132/tde-20210729-020752/publico/AraujoFranciscoEloiSoares.pdf}}},
note = {Accessed January 2022},
year={1999}
}

